<record><leader>00000cas a2200000 a 4500</leader><controlfield tag="001">70724671</controlfield><controlfield tag="006">m     o  d        </controlfield><controlfield tag="007">cr bnu||||||||</controlfield><controlfield tag="008">060728d18341929ohuwr nso     0    0eng c</controlfield><datafield ind1=" " ind2=" " tag="010"><subfield code="a">  2006255316</subfield></datafield><datafield ind1=" " ind2=" " tag="040"><subfield code="a">APSON</subfield><subfield code="b">eng</subfield><subfield code="c">APSON</subfield><subfield code="d">ZCU</subfield><subfield code="d">OCLCE</subfield><subfield code="d">OCLCQ</subfield><subfield code="d">OCLCA</subfield><subfield code="d">OCLCF</subfield><subfield code="d">OCLCO</subfield></datafield><datafield ind1=" " ind2=" " tag="019"><subfield code="a">656604458</subfield></datafield><datafield ind1="1" ind2=" " tag="029"><subfield code="a">AU@</subfield><subfield code="b">000040735614</subfield></datafield><datafield ind1=" " ind2=" " tag="042"><subfield code="a">pcc</subfield></datafield><datafield ind1=" " ind2=" " tag="043"><subfield code="a">n-us-oh</subfield></datafield><datafield ind1="1" ind2="4" tag="050"><subfield code="a">BX8201</subfield></datafield><datafield ind1="0" ind2=" " tag="130"><subfield code="a">Western Christian advocate (Cincinnati, Ohio : Online)</subfield></datafield><datafield ind1="1" ind2="4" tag="245"><subfield code="a">The Western Christian advocate</subfield><subfield code="h">[electronic resource].</subfield></datafield><datafield ind1=" " ind2=" " tag="260"><subfield code="a">Cincinnati, Ohio :</subfield><subfield code="b">Published by C. Holliday and J.F. Wright for the Methodist Episcopal Church,</subfield><subfield code="c">1834-1929.</subfield></datafield><datafield ind1=" " ind2=" " tag="310"><subfield code="a">Weekly</subfield></datafield><datafield ind1="0" ind2=" " tag="362"><subfield code="a">Vol. 1, no. 1 (May 2, 1834)-</subfield></datafield><datafield ind1="1" ind2=" " tag="362"><subfield code="a">Print ceased with: v. 95, no. 42 (Oct. 17, 1929).</subfield></datafield><datafield ind1=" " ind2=" " tag="500"><subfield code="a">Title from PDF caption (Proquest, viewed Aug. 31, 2006).</subfield></datafield><datafield ind1=" " ind2=" " tag="500"><subfield code="a">"Christian" appears in title ornament, &lt;1862-1864&gt;.</subfield></datafield><datafield ind1=" " ind2=" " tag="500"><subfield code="a">Latest issued consulted: Vol. 50, no. 52 (Dec. 26, 1883) (Proquest, viewed Aug. 31, 2006).</subfield></datafield><datafield ind1=" " ind2=" " tag="515"><subfield code="a">Vol. 1-95 also called no. 1-no. 5072.</subfield></datafield><datafield ind1=" " ind2=" " tag="515"><subfield code="a">Vol. 66 repeated in numbering.</subfield></datafield><datafield ind1=" " ind2=" " tag="520"><subfield code="a">"This Methodist weekly established in 1834 in Cincinnati published articles on literature, agriculture and the home, as well as poetry, Bible lessons, religious news items and articles on varied religious topics" Cf. American periodicals, 1741-1900.</subfield></datafield><datafield ind1=" " ind2=" " tag="530"><subfield code="a">Also issued in print.</subfield></datafield><datafield ind1=" " ind2=" " tag="538"><subfield code="a">Mode of access: World Wide Web.</subfield></datafield><datafield ind1=" " ind2=" " tag="550"><subfield code="a">"Official organ of the Methodist Episcopal Church."</subfield></datafield><datafield ind1=" " ind2=" " tag="580"><subfield code="a">The print version of this title absorbed: Indianapolis area herald in 1925. Cf. Batzel, John D. Union list of United Methodist serials, 1773-1973; was continued by the title called: Christian advocate (Cincinnati, Ohio : 1929).</subfield></datafield><datafield ind1="2" ind2="0" tag="610"><subfield code="a">Methodist Episcopal Church</subfield><subfield code="v">Periodicals.</subfield></datafield><datafield ind1=" " ind2="0" tag="651"><subfield code="a">Cincinnati (Ohio)</subfield><subfield code="v">Newspapers.</subfield></datafield><datafield ind1=" " ind2="0" tag="651"><subfield code="a">Hamilton County (Ohio)</subfield><subfield code="v">Newspapers.</subfield></datafield><datafield ind1=" " ind2="7" tag="655"><subfield code="a">Newspapers.</subfield><subfield code="2">fast</subfield><subfield code="0">(OCoLC)fst01423814</subfield></datafield><datafield ind1=" " ind2="7" tag="655"><subfield code="a">Periodicals.</subfield><subfield code="2">fast</subfield><subfield code="0">(OCoLC)fst01411641</subfield></datafield><datafield ind1="2" ind2="7" tag="610"><subfield code="a">Methodist Episcopal Church.</subfield><subfield code="2">fast</subfield><subfield code="0">(OCoLC)fst00541689</subfield></datafield><datafield ind1=" " ind2="7" tag="651"><subfield code="a">Ohio</subfield><subfield code="z">Cincinnati.</subfield><subfield code="2">fast</subfield><subfield code="0">(OCoLC)fst01205142</subfield></datafield><datafield ind1=" " ind2="7" tag="651"><subfield code="a">Ohio</subfield><subfield code="z">Hamilton County.</subfield><subfield code="2">fast</subfield><subfield code="0">(OCoLC)fst01205597</subfield></datafield><datafield ind1="2" ind2=" " tag="710"><subfield code="a">Methodist Episcopal Church.</subfield></datafield><datafield ind1=" " ind2=" " tag="752"><subfield code="a">United States</subfield><subfield code="b">Ohio</subfield><subfield code="c">Hamilton</subfield><subfield code="d">Cincinnati.</subfield></datafield><datafield ind1="1" ind2=" " tag="776"><subfield code="t">Western Christian advocate (Cincinnati, Ohio)</subfield><subfield code="w">(DLC)sn 89075028</subfield><subfield code="w">(OCoLC)1769711</subfield></datafield><datafield ind1="1" ind2="5" tag="780"><subfield code="t">Indianapolis area herald</subfield><subfield code="g">1925</subfield></datafield><datafield ind1="1" ind2="0" tag="785"><subfield code="t">Christian advocate (Cincinnati, Ohio : 1929)</subfield></datafield><datafield ind1="4" ind2="0" tag="856"><subfield code="3">Google, v. 64 July-Dec 1897</subfield><subfield code="u">http://books.google.com/books?id=8TJFAAAAYAAJ</subfield></datafield><datafield ind1="4" ind2="0" tag="856"><subfield code="3">Google, v. 64 Jan-June 1897</subfield><subfield code="u">http://books.google.com/books?id=BydFAAAAYAAJ</subfield></datafield><datafield ind1="4" ind2="0" tag="856"><subfield code="3">Google, v. 69 Jan-June 1903</subfield><subfield code="u">http://books.google.com/books?id=pjNFAAAAYAAJ</subfield></datafield><datafield ind1="4" ind2="0" tag="856"><subfield code="3">Google, v. 75 Jan-June 1909</subfield><subfield code="u">http://books.google.com/books?id=KCZFAAAAYAAJ</subfield></datafield><datafield ind1="4" ind2="0" tag="856"><subfield code="3">Google, v. 72 (1906)</subfield><subfield code="u">http://books.google.com/books?id=L3pPAAAAYAAJ</subfield></datafield><datafield ind1="4" ind2="0" tag="856"><subfield code="3">Google, v. 70 (1904)</subfield><subfield code="u">http://books.google.com/books?id=z3JPAAAAYAAJ</subfield></datafield><datafield ind1="4" ind2="0" tag="856"><subfield code="3">Google, v. 73 (1907)</subfield><subfield code="u">http://books.google.com/books?id=g3NPAAAAYAAJ</subfield></datafield><datafield ind1="4" ind2="0" tag="856"><subfield code="u">http://proquest.umi.com/pqdweb?RQT=318&amp;VName=HNP&amp;pmid=42355</subfield></datafield></record>